@article{nikolaou2002demodulation,
  title={Demodulation of vibration signals generated by defects in rolling element bearings using complex shifted {M}orlet wavelets},
  author={Nikolaou, NG and Antoniadis, IA},
  journal={Mechanical Systems and Signal Processing},
  volume={16},
  number={4},
  pages={677--694},
  year={2002},
  publisher={Elsevier}
}
@article{randall2011rolling,
  title={Rolling element bearing diagnostics -- a tutorial},
  author={Randall, Robert B and Antoni, Jerome},
  journal={Mechanical Systems and Signal Processing},
  volume={25},
  number={2},
  pages={485--520},
  year={2011},
  publisher={Elsevier}
}
@article{antoni2007fast,
  title={Fast computation of the kurtogram for the detection of transient faults},
  author={Antoni, Jerome},
  journal={Mechanical Systems and Signal Processing},
  volume={21},
  number={1},
  pages={108--124},
  year={2007},
  publisher={Elsevier}
}
@article{peter2004machine,
  title={Machine fault diagnosis through an effective exact wavelet analysis},
  author={Peter, W Tse and Yang, Wen-xian and Tam, HY},
  journal={Journal of Sound and Vibration},
  volume={277},
  number={4},
  pages={1005--1024},
  year={2004},
  publisher={Elsevier}
}
@article{antoni2009cyclostationarity,
  title={Cyclostationarity by examples},
  author={Antoni, J{\'e}r{\^o}me},
  journal={Mechanical Systems and Signal Processing},
  volume={23},
  number={4},
  pages={987--1036},
  year={2009},
  publisher={Elsevier}
}
@article{antoni2006spectral,
  title={The spectral kurtosis: application to the vibratory surveillance and diagnostics of rotating machines},
  author={Antoni, J{\'e}r{\^o}me and Randall, RB},
  journal={Mechanical Systems and Signal Processing},
  volume={20},
  number={2},
  pages={308--331},
  year={2006},
  publisher={Elsevier}
}
@article{urbanek2012detection,
  title={Detection of signal component modulations using modulation intensity distribution},
  author={Urbanek, Jacek and Antoni, Jerome and Barszcz, Tomasz},
  journal={Mechanical Systems and Signal Processing},
  volume={28},
  pages={399--413},
  year={2012},
  publisher={Elsevier}
}
@article{flandrin2004empirical,
  title={Empirical mode decomposition as a filter bank},
  author={Flandrin, Patrick and Rilling, Gabriel and Goncalves, Paulo},
  journal={IEEE Signal Processing Letters},
  volume={11},
  number={2},
  pages={112--114},
  year={2004},
  publisher={IEEE}
}
@article{liu2006gearbox,
  title={Gearbox fault diagnosis using empirical mode decomposition and {H}ilbert spectrum},
  author={Liu, Bao and Riemenschneider, S and Xu, Y},
  journal={Mechanical Systems and Signal Processing},
  volume={20},
  number={3},
  pages={718--734},
  year={2006},
  publisher={Elsevier}
}
@article{lei2013review,
  title={A review on empirical mode decomposition in fault diagnosis of rotating machinery},
  author={Lei, Yaguo and Lin, Jing and He, Zhengjia and Zuo, Ming J},
  journal={Mechanical Systems and Signal Processing},
  volume={35},
  number={1},
  pages={108--126},
  year={2013},
  publisher={Elsevier}
}
@article{obuchowski2014recent,
  title={Recent developments in vibration based diagnostics of gear and bearings used in belt conveyors},
  author={Obuchowski, Jakub and Wyloma{\'n}ska, Agnieszka and Zimroz, Rados{\l}aw},
  journal={Applied Mechanics and Materials},
  volume={683},
  pages={171--176},
  year={2014},
  organization={Trans Tech Publ}
}
@article{wylomanska2016impulsive,
  title={Impulsive Noise Cancellation Method for Copper Ore Crusher Vibration Signals Enhancement},
  author={Wy{\l}oma{\'n}ska, Agnieszka and Zimroz, Rados{\l}aw and Janczura, Joanna and Obuchowski, Jakub},
  journal={IEEE Transactions on Industrial Electronics},
  volume={63},
  number={9},
  pages={5612--5621},
  year={2016},
  publisher={IEEE}
}
@article{zak20161932,
  title={Data-driven vibration signal filtering procedure based on the $\alpha$-stable distribution.},
  author={{\.Z}ak, Grzegorz and Wy{\l}oma{\'n}ska, Agnieszka and Zimroz, Rados{\l}aw},
  journal={Journal of Vibroengineering},
  volume={18},
  number={2},
  year={2016},
  pages={826--837}
}
@article{barszcz2011novel,
  title={A novel method for the optimal band selection for vibration signal demodulation and comparison with the Kurtogram},
  author={Barszcz, Tomasz and Jab{\l}o{\'n}ski, Adam},
  journal={Mechanical Systems and Signal Processing},
  volume={25},
  number={1},
  pages={431--451},
  year={2011},
  publisher={Elsevier}
}
@article{peter2013design,
  title={The design of a new sparsogram for fast bearing fault diagnosis},
  author={Peter, W Tse and Wang, Dong},
  journal={Mechanical Systems and Signal Processing},
  volume={40},
  number={2},
  pages={499--519},
  year={2013},
  publisher={Elsevier}
}
@article{peter2013automatic,
  title={The automatic selection of an optimal wavelet filter and its enhancement by the new sparsogram for bearing fault detection},
  author={Peter, W Tse and Wang, Dong},
  journal={Mechanical Systems and Signal Processing},
  volume={40},
  number={2},
  pages={520--544},
  year={2013},
  publisher={Elsevier}
}
@article{makowski2014new,
  title={New techniques of local damage detection in machinery based on stochastic modelling using adaptive {S}chur filter},
  author={Makowski, Ryszard and Zimroz, Radoslaw},
  journal={Applied Acoustics},
  volume={77},
  pages={130--137},
  year={2014},
  publisher={Elsevier}
}
@article{makowski2013procedure,
  title={A procedure for weighted summation of the derivatives of reflection coefficients in adaptive {S}chur filter with application to fault detection in rolling element bearings},
  author={Makowski, Ryszard and Zimroz, Radoslaw},
  journal={Mechanical Systems and Signal Processing},
  volume={38},
  number={1},
  pages={65--77},
  year={2013},
  publisher={Elsevier}
}
@inproceedings{nilsson2003digital,
  title={Digital filter design of {IIR} filters using real valued genetic algorithm},
  author={Nilsson, Mikael and Dahl, Mattias and Claesson, Ingvar},
  booktitle={WSEAS},
  year={2003}
}
@book{darwin2008origin,
  title={On the Origin of Species by Means of Natural Selection},
  author={Darwin, Charles},
  year={1969},
  publisher={Culture et Civilisation}
}
@phdthesis{bagley1967behavior,
  title={The behavior of adaptive systems which employ genetic and correlation algorithms},
  school={University of Michigan},
  author={Bagley, John Daniel},
  year={1967}
}
@book{holland1992adaptation,
  title={Adaptation in natural and artificial systems: an introductory analysis with applications to biology, control, and artificial intelligence},
  author={Holland, John H},
  year={1992},
  publisher={MIT press}
}
@book{holland1989induction,
  title={Induction: {P}rocesses of inference, learning, and discovery},
  author={Holland, John H},
  year={1989},
  publisher={MIT Press}
}
@book{mitchell1998introduction,
  title={An introduction to genetic algorithms},
  author={Mitchell, Melanie},
  year={1998},
  publisher={MIT press}
}
@article{herrera1998tackling,
  title={Tackling real-coded genetic algorithms: {O}perators and tools for behavioural analysis},
  author={Herrera, Francisco and Lozano, Manuel and Verdegay, Jose L},
  journal={Artificial Intelligence Review},
  volume={12},
  number={4},
  pages={265--319},
  year={1998},
  publisher={Springer}
}
@book{schwefel1993evolution,
  title={Evolution and optimum seeking: the sixth generation},
  author={Schwefel, Hans-Paul Paul},
  year={1993},
  publisher={John Wiley \& Sons, Inc.}
}
@article{wright1991genetic,
  title={Genetic algorithms for real parameter optimization},
  author={Wright, Alden H and others},
  journal={Foundations of Genetic Algorithms},
  volume={1},
  pages={205--218},
  year={1991}
}
@article{bartelmus2009new,
  title={A new feature for monitoring the condition of gearboxes in non-stationary operating conditions},
  author={Bartelmus, W and Zimroz, R},
  journal={Mechanical Systems and Signal Processing},
  volume={23},
  number={5},
  pages={1528--1534},
  year={2009},
  publisher={Elsevier}
}
@article{obuchowski2014selection,
  title={Selection of informative frequency band in local damage detection in rotating machinery},
  author={Obuchowski, Jakub and Wy{\l}oma{\'n}ska, Agnieszka and Zimroz, Rados{\l}aw},
  journal={Mechanical Systems and Signal Processing},
  volume={48},
  number={1},
  pages={138--152},
  year={2014},
  publisher={Elsevier}
}
@book{fletcher2013practical,
  title={Practical methods of optimization},
  author={Fletcher, Roger},
  year={2013},
  publisher={John Wiley \& Sons}
}
@book{oppenheim1999discrete,
  title={Discrete-time signal processing},
  author={Oppenheim, Alan V},
  year={1999},
  publisher={Pearson Education India}
}
@book{brockwell2013time,
  title={Time series: theory and methods},
  author={Brockwell, Peter J and Davis, Richard A},
  year={2013},
  publisher={Springer Science \& Business Media}
}
@article{pham2010estimation,
  title={Estimation and forecasting of machine health condition using {ARMA/GARCH} model},
  author={Pham, Hong Thom and Yang, Bo-Suk},
  journal={Mechanical Systems and Signal Processing},
  volume={24},
  number={2},
  pages={546--558},
  year={2010},
  publisher={Elsevier}
}
@inproceedings{zimroz2009some,
  title={Some remarks on local damage diagnosis in presence of multi-faults and non-stationary operation},
  author={Zimroz, Radoslaw},
  booktitle={The Sixth International Conference CM},
  pages={33--44},
  year={2009}
}
@article{lei2013planetary,
  title={Planetary gearbox fault diagnosis using an adaptive stochastic resonance method},
  author={Lei, Yaguo and Han, Dong and Lin, Jing and He, Zhengjia},
  journal={Mechanical Systems and Signal Processing},
  volume={38},
  number={1},
  pages={113--124},
  year={2013},
  publisher={Elsevier}
}
@article{wodecki2017local,
  title={Local fault detection of rolling element bearing components by spectrogram clustering with {S}emi-{B}inary {NMF}},
  author={Wodecki, Jacek and Zdunek, Rafa{\l} and Wy{\l}oma{\'n}ska, Agnieszka and Zimroz, Rados{\l}aw},
  journal={Diagnostyka},
  volume={18},
  number={1},
  pages={1641--6414},
  year={2017}
}
